@article{coleman,
  title = {Fate of the false vacuum: Semiclassical theory},
  author = {Coleman, Sidney},
  journal = {Phys. Rev. D},
  volume = {15},
  issue = {10},
  pages = {2929--2936},
  numpages = {0},
  year = {1977},
  month = {May},
  publisher = {American Physical Society},
  doi = {10.1103/PhysRevD.15.2929},
  url = {https://link.aps.org/doi/10.1103/PhysRevD.15.2929}
}

@article{kosowsky,
  title = {Gravitational radiation from colliding vacuum bubbles},
  author = {Kosowsky, Arthur and Turner, Michael S. and Watkins, Richard},
  journal = {Phys. Rev. D},
  volume = {45},
  issue = {12},
  pages = {4514--4535},
  numpages = {0},
  year = {1992},
  month = {Jun},
  publisher = {American Physical Society},
  doi = {10.1103/PhysRevD.45.4514},
  url = {https://link.aps.org/doi/10.1103/PhysRevD.45.4514}
}

@notes{Salvatore, 
title={Notes},
author={Salvatore Bottaro},
year={2023},
month={January}
}

@article{kosowsky_envelope_approximation,
  title = {Gravitational radiation from colliding vacuum bubbles: Envelope approximation to many-bubble collisions},
  author = {Kosowsky, Arthur and Turner, Michael S.},
  journal = {Phys. Rev. D},
  volume = {47},
  issue = {10},
  pages = {4372--4391},
  numpages = {0},
  year = {1993},
  month = {May},
  publisher = {American Physical Society},
  doi = {10.1103/PhysRevD.47.4372},
  url = {https://link.aps.org/doi/10.1103/PhysRevD.47.4372}
}
